
@article{einstein,
    author = "Albert Einstein",
    title = "{Zur Elektrodynamik bewegter K{\"o}rper}. ({German})
    [{On} the electrodynamics of moving bodies]",
    journal = "Annalen der Physik",
    volume = "322",
    number = "10",
    pages = "891--921",
    year = "1905",
    DOI = "http://dx.doi.org/10.1002/andp.19053221004",
    keywords = "physics"
}
 
@book{dirac,
    title = {The Principles of Quantum Mechanics},
    author = {Paul Adrien Maurice Dirac},
    isbn = {9780198520115},
    series = {International series of monographs on physics},
    year = {1981},
    publisher = {Clarendon Press},
    keywords = {physics}
}
 
@online{knuthwebsite,
    author = {Donald Knuth},
    title = {Knuth: Computers and Typesetting},
    url  = {http://www-cs-faculty.stanford.edu/~uno/abcde.html},
    addendum = {(accessed: 01.09.2016)},
    keywords = {latex,knuth}
}
 
@inbook{knuth-fa,
    author = "Donald E. Knuth",
    title = "Fundamental Algorithms",
    publisher = "Addison-Wesley",
    year = "1973",
    chapter = "1.2",
    keywords  = "knuth,programming"
}

@online{wikipedia,
    author = {Wikipedia},
    title = {Gamification},
    url  = {http://www-cs-faculty.stanford.edu/~uno/abcde.html},
    keywords = {wikipedia,gamification}
}

@online{young,
    author = {Barlow, D. H},
    title = {Gamification in assessment: Do points affect test performance?},
    url  = {http://doi.org/10.1016/j.compedu.2014.12.012}
}

@online{komando,
    author = {KommandoTech},
    title = {Mobile Gaming Statistics for 2020},
    url = {https://kommandotech.com/statistics/mobile-gaming-statistics/},
}

@online{duolingo,
    author = {Duolingo},
    title = {What is Duolingo?},
    url = {https://support.duolingo.com/hc/en-us/articles/204829090-What-is-Duolingo-},
}


@online{duolingop,
    author = {prnewswire},
    title = {Duolingo Now Valued at 1.5 Billion},
    url = {https://www.prnewswire.com/news-releases/duolingo-now-valued-at-1-5-billion-300968516.html},
}

@online{wlres,
    author = {Work-Learning Research},
    title = {People Remeber},
    url = {https://www.worklearning.com/2006/05/01/people_remember/},
}

@online{carlos,
    author = {The Online Journal of Science and Technology},
    title = {GAMIFICATION: SOFTWARE USAGE},
    url = {https://repositorio.iscte-iul.pt/bitstream/10071/16117/5/v08i01-14(1).pdf},
}

@online{abron,
    author = {Richard Boateng, Sheena Lovia Boateng},
    title = {Videos in learning in higher education: assessing perceptions and attitudes of students at the University of Ghana},
    url = {https://slejournal.springeropen.com/articles/10.1186/s40561-016-0031-5},
}

@online{gmarket,
    author = {Research and markets},
    title = {Global Education Gamification Market 2016-2020},
    url = {https://www.researchandmarkets.com/research/dmbvxf/global_education},
}

@article{nickyee,
    author = "Yee Nick",
    title = "Motivations for Play in Online Games",
    journal = "CyberPsychology and Behavior",
    volume = "9",
    number = "6",
    pages = "72---75",
    year = "2006",
    DOI = "https://www.liebertpub.com/doi/abs/10.1089/cpb.2006.9.772"
}

@article{ryan,
    author = "Richard M. Ryan and Edward L. Deci",
    title = "Self-Determination Theory and the Facilitation of Intrinsic Motivation, Social Development, and Well-Being",
    journal = "American psychologist",
    volume = "55",
    number = "1",
    pages = "62---78",
    year = "2016",
    DOI = "https://selfdeterminationtheory.org/SDT/documents/2000_RyanDeci_SDT.pdf"
}

@book{carlos,
    title = {The Online Journal of Science and Technology},
    author = {Carlos J. Costa},
    series = {Volume 8, Issue 1},
    year = {2018},
    publisher = {Manuela Aparicio},
    keywords = {Gamification, Game Design, Gamification Tools, Software}
}